<record><leader>00000cas a2200000 a 4500</leader><controlfield tag="001">13000386</controlfield><controlfield tag="008">860110d18882000paudr ne      0    0eng c</controlfield><datafield ind1=" " ind2=" " tag="010"><subfield code="a">sn 86083175 </subfield></datafield><datafield ind1=" " ind2=" " tag="040"><subfield code="a">NPH</subfield><subfield code="b">eng</subfield><subfield code="c">NPH</subfield><subfield code="d">DLC</subfield><subfield code="d">NPH</subfield><subfield code="d">OCL</subfield><subfield code="d">MHN</subfield><subfield code="d">OCL</subfield><subfield code="d">DLC</subfield><subfield code="d">OCLCQ</subfield><subfield code="d">OCLCF</subfield></datafield><datafield ind1=" " ind2=" " tag="019"><subfield code="a">12998321</subfield><subfield code="a">226172445</subfield></datafield><datafield ind1="1" ind2=" " tag="029"><subfield code="a">AU@</subfield><subfield code="b">000022176764</subfield></datafield><datafield ind1=" " ind2=" " tag="042"><subfield code="a">pcc</subfield></datafield><datafield ind1=" " ind2=" " tag="043"><subfield code="a">n-us-pa</subfield></datafield><datafield ind1="0" ind2="0" tag="050"><subfield code="a">Newspaper</subfield></datafield><datafield ind1="0" ind2="0" tag="245"><subfield code="a">Erie daily times.</subfield></datafield><datafield ind1="1" ind2=" " tag="246"><subfield code="i">Issues for Sunday Apr. 3, 1949-Jan. 6, 1957 published as:</subfield><subfield code="a">Erie Sunday times</subfield></datafield><datafield ind1="1" ind2=" " tag="246"><subfield code="i">Issues for Sunday Jan. 13, 1957-&lt;1964&gt; published as:</subfield><subfield code="a">Erie times-news</subfield></datafield><datafield ind1="1" ind2=" " tag="246"><subfield code="i">Issues for Sunday &lt;1969-&gt; published as:</subfield><subfield code="a">Times-news</subfield></datafield><datafield ind1="1" ind2=" " tag="246"><subfield code="i">Issues for Saturday &lt;Feb. 4, 1995-&gt; published as:</subfield><subfield code="a">Times-news weekender</subfield></datafield><datafield ind1=" " ind2=" " tag="260"><subfield code="a">Erie, Pa. :</subfield><subfield code="b">Times Pub. Co.</subfield></datafield><datafield ind1=" " ind2=" " tag="300"><subfield code="a">v.</subfield></datafield><datafield ind1=" " ind2=" " tag="310"><subfield code="a">Daily (except Sunday),</subfield><subfield code="b">&lt;Jan. 31, 2000-&gt;</subfield></datafield><datafield ind1=" " ind2=" " tag="321"><subfield code="a">Daily,</subfield><subfield code="b">&lt;1949-&gt;</subfield></datafield><datafield ind1=" " ind2=" " tag="321"><subfield code="a">Daily (except Sunday),</subfield><subfield code="b">&lt;1888-1949&gt;</subfield></datafield><datafield ind1="1" ind2=" " tag="362"><subfield code="a">Began Apr. 12, 1888.</subfield></datafield><datafield ind1="0" ind2=" " tag="362"><subfield code="a">-Sept. 1, 2000.</subfield></datafield><datafield ind1=" " ind2=" " tag="500"><subfield code="a">Published jointly on Sunday Jan. 13, 1957-&lt;1964&gt; with Erie morning news as: Erie times-news; published jointly on Sunday &lt;1969-&gt; with Morning news (Erie, Pa.)--as: Times-news.</subfield></datafield><datafield ind1=" " ind2=" " tag="500"><subfield code="a">Issue for Apr. 12, 1963 called also 75th Anniversary ed.</subfield></datafield><datafield ind1=" " ind2=" " tag="530"><subfield code="a">Also issued on microfilm from Microfilming Co. and Biel's Information Technology Systems.</subfield></datafield><datafield ind1=" " ind2=" " tag="580"><subfield code="a">Merged with: Morning news (Erie, Pa.), to become: Erie times-news.</subfield></datafield><datafield ind1=" " ind2=" " tag="588"><subfield code="a">Description based on: Vol. 1, no. 81 (July 14, 1888).</subfield></datafield><datafield ind1=" " ind2=" " tag="588"><subfield code="a">Latest issue consulted: 112th year, issue 223 (Feb. 29, 2000).</subfield></datafield><datafield ind1=" " ind2="0" tag="651"><subfield code="a">Erie (Pa.)</subfield><subfield code="v">Newspapers.</subfield></datafield><datafield ind1=" " ind2="0" tag="651"><subfield code="a">Erie County (Pa.)</subfield><subfield code="v">Newspapers.</subfield></datafield><datafield ind1=" " ind2="7" tag="655"><subfield code="a">Newspapers.</subfield><subfield code="2">fast</subfield><subfield code="0">(OCoLC)fst01423814</subfield></datafield><datafield ind1=" " ind2="7" tag="651"><subfield code="a">Pennsylvania</subfield><subfield code="z">Erie.</subfield><subfield code="2">fast</subfield><subfield code="0">(OCoLC)fst01206428</subfield></datafield><datafield ind1=" " ind2="7" tag="651"><subfield code="a">Pennsylvania</subfield><subfield code="z">Erie County.</subfield><subfield code="2">fast</subfield><subfield code="0">(OCoLC)fst01212776</subfield></datafield><datafield ind1=" " ind2=" " tag="752"><subfield code="a">United States</subfield><subfield code="b">Pennsylvania</subfield><subfield code="c">Erie</subfield><subfield code="d">Erie.</subfield></datafield><datafield ind1="1" ind2="7" tag="785"><subfield code="t">Morning news (Erie, Pa.)</subfield><subfield code="w">(DLC)sn 86083387</subfield><subfield code="w">(OCoLC)14813560</subfield></datafield><datafield ind1="1" ind2="7" tag="785"><subfield code="t">Erie times-news</subfield><subfield code="w">(DLC)sn2005058017</subfield><subfield code="w">(OCoLC)46862137</subfield></datafield></record>